<record><leader>00000cas a2200000 a 4500</leader><controlfield tag="001">12228451</controlfield><controlfield tag="008">850703d19041926ksudr ne      0    0eng d</controlfield><datafield ind1=" " ind2=" " tag="010"><subfield code="a">sn 85030406 </subfield></datafield><datafield ind1=" " ind2=" " tag="040"><subfield code="a">KSH</subfield><subfield code="b">eng</subfield><subfield code="c">KSH</subfield><subfield code="d">NPT</subfield><subfield code="d">OCL</subfield><subfield code="d">OCLCQ</subfield></datafield><datafield ind1=" " ind2=" " tag="042"><subfield code="a">msc</subfield></datafield><datafield ind1="0" ind2=" " tag="130"><subfield code="a">Independence daily reporter (Independence, Kan. : 1904)</subfield></datafield><datafield ind1="1" ind2="0" tag="245"><subfield code="a">Independence daily reporter.</subfield></datafield><datafield ind1=" " ind2=" " tag="260"><subfield code="a">Independence, Kan. :</subfield><subfield code="b">Horace G. James,</subfield><subfield code="c">1904-1926.</subfield></datafield><datafield ind1=" " ind2=" " tag="300"><subfield code="a">22 v. :</subfield><subfield code="b">ill. ;</subfield><subfield code="c">59 cm.</subfield></datafield><datafield ind1=" " ind2=" " tag="310"><subfield code="a">Daily (except Sunday)</subfield></datafield><datafield ind1="0" ind2=" " tag="362"><subfield code="a">24th year, no. 29 (Oct. 13, 1904)-46th year, no. 17 (Sept. 30, 1926).</subfield></datafield><datafield ind1=" " ind2=" " tag="500"><subfield code="a">Published by: Clyde H. Knox, Apr. 1, 1913-Aug. 31, 1922; Emmet D. George, Sept. 1, 1922-Mar. 9, 1924; Clyde H. Knox, Mar. 10, 1924-Sept. 30, 1926.</subfield></datafield><datafield ind1=" " ind2=" " tag="752"><subfield code="a">United States</subfield><subfield code="b">Kansas</subfield><subfield code="c">Montgomery</subfield><subfield code="d">Independence.</subfield></datafield><datafield ind1="0" ind2="0" tag="780"><subfield code="t">Daily reporter (Independence, Kan.)</subfield><subfield code="w">(DLC)sn 85030405</subfield></datafield><datafield ind1="0" ind2="5" tag="780"><subfield code="t">Evening star</subfield><subfield code="g">Mar. 15, 1924</subfield><subfield code="w">(DLC)sn 85030409</subfield></datafield><datafield ind1="0" ind2="7" tag="785"><subfield code="t">Daily free press and the times</subfield><subfield code="w">(DLC)sn 85030386</subfield></datafield><datafield ind1="0" ind2="7" tag="785"><subfield code="t">Independence daily reporter and the Independence daily free press</subfield><subfield code="w">(DLC)sn 85030407</subfield></datafield></record>